% -----------------------------------------------------------------------
% File: cogsci_template.bib
% -----------------------------------------------------------------------


@Article{JaraEttinger2015,
  author =	 {J. Jara-Ettinger and H. Gweon and J. B. Tenenbaum and L. E. Schulz},
  title =	 {Children's understanding of the costs and rewards underlying rational action},
  journal =	 {Cognition},
  year =	 2015,
  volume =	 140,
  pages =	 {14-23}
}

@Article{Baker2009,
  author =	 {C. L. Baker and R. Saxe and J. B. Tenenbaum},
  title =	 {Action understanding as inverse planning},
  journal =	 {Cognition},
  year =	 2009,
  volume =	 113,
  pages =	 {329-349}
}

@Article{GweonReview,
  author =	 {H. Gweon and P. Shafto and L. E. Schulz},
  title =	 {Too much information? Prior knowledge and the cost of information in learning and teaching},
  journal =	 {Psychological Science},
  year =	 in review,
  volume =	 ,
  pages =	 {}
}

@Article{Scott2013,
  author =	 {R. M. Scott and R. Baillargeon},
  title =	 {Do infants really expect agents to act efficiently? A critical test of the rationality principle},
  journal =	 {Psychological Science},
  year =	 2013,
  volume =	 ,
  pages =	 {1-9}
}

@InProceedings{GweonSchulz2014,
  author =	 {H. Gweon and L. E. Schulz},
  title =	 {To give a fish or to teach how to fish? Children weigh costs and benefits in considering what information to transmit},
  booktitle =	 {Proceedings of the 36th Annual Conference of the
                  Cognitive Science Society},
  pages =	 {},
  year =	 2014,
  address =	 {},
  publisher =	 {}
}

@InProceedings{Shafto2012,
  author =	 {P. Shafto and H. Gweon and C. Fargen and L. E. Schulz},
  title =	 {Enough is enough: Inductive sufficiency guides learners' ratings of informant helpfulness},
  booktitle =	 {Proceedings of the 34th Annual Conference of the
                  Cognitive Science Society},
  pages =	 {977--982},
  year =	 2012,
  address =	 {},
  publisher =	 {}
}



% -----------------------------------------------------------------------
% Document End
% -----------------------------------------------------------------------
